
@reference{ID,
	editor = {editor},
	title = {title},
	date = {date},
}
